@article{Lin,
  author = {Zhouhan Lin, Cicero Nogueira dos Santos, Minwei Feng, Bing Xiang, Bowen Zhou, Yoshua Bengio},
  journal = {ICLR},
  number = {1703.03130},
  title = {A STRUCTURED SELF-ATTENTIVE SENTENCE EMBEDDING},
  volume = {ibm},
  year = {2017}
}

@misc{vaswani2023attentionneed,
      title={Attention Is All You Need}, 
      author={Ashish Vaswani and Noam Shazeer and Niki Parmar and Jakob Uszkoreit and Llion Jones and Aidan N. Gomez and Lukasz Kaiser and Illia Polosukhin},
      year={2023},
      eprint={1706.03762},
      archivePrefix={arXiv},
      primaryClass={cs.CL},
      url={https://arxiv.org/abs/1706.03762}, 
}

@misc{remy2019bidirectionalcontextawarehierarchicalattention,
      title={Bidirectional Context-Aware Hierarchical Attention Network for Document Understanding}, 
      author={Jean-Baptiste Remy and Antoine Jean-Pierre Tixier and Michalis Vazirgiannis},
      year={2019},
      eprint={1908.06006},
      archivePrefix={arXiv},
      primaryClass={cs.CL},
      url={https://arxiv.org/abs/1908.06006}, 
}